2775 4942
134 462 136 473 »
263 406 902 509 *ΗνινεἘυιΤιοΝιε
1075 434 1206 513 m

21 612 36 695 ,⁴
92 630 147 701 rio
161 619 366 717 adfiguntur.
416 623 555 695 Literde
569 620 647 696 sunt
660 622 735 696 elus
753 624 897 713 formae,
921 646 1024 724 quam
1041 629 1153 702 lenio·

93 730 173 803 nius
185 726 354 813 adhibuit,
376 723 430 797 led
444 726 561 825 paullo
578 727 693 799 minus
711 728 825 801 cultae
840 745 877 801 et
897 730 1163 829 incompofitau·
1309 820 1313 827 ι

96 849 138 908 ut
152 840 323 930 appareat,
338 854 450 925 neque
463 829 624 901 matrices
640 824 738 901 inille
750 833 800 903 ita
815 830 985 929 perlectas
1002 851 1041 904 ut
1057 832 1153 907 fuere
1178 868 1180 881 ·
1309 904 1314 929 ,

96 935 327 1019 leniunianae,
356 954 469 1030 neque
484 933 536 1004 ita
554 946 749 1005 accuratam
773 933 931 1007 versuum
958 937 1153 1025 dirigendo·

94 1061 172 1111 rum
193 1037 376 1108 rationem.
428 1036 536 1107 Porro
560 1035 680 1105 literae
698 1035 813 1109 nullae
836 1038 997 1122 initiales,
1021 1040 1116 1135 l‘aepe
1141 1038 1159 1111 l

91 1135 237 1233 longum
259 1133 386 1231 infine
406 1138 500 1209 vocis
522 1132 675 1236 politum
695 1152 761 1208 etc.
824 1139 1003 1211 volumen*
1022 1139 1154 1213 coullat

91 1237 412 1340 quinternionibus‚
445 1239 522 1314 ia.
549 1242 701 1336 quinque
727 1239 873 1338 plagulis
903 1239 1171 1339 (semiplagulas.

89 1345 247 1435 ungares
272 1340 512 1438 aequantibus)
533 1341 727 1441 duplicatis,
756 1357 796 1413 ut
807 1344 964 1417 oriantur
984 1344 1154 1417 denorum

88 1445 257 1519 foliorum
273 1442 391 1528 libelli,
417 1444 465 1513 ita
479 1444 612 1515 consuti
626 1441 758 1525 deinde,
777 1460 817 1515 ut
833 1447 869 1516 in
887 1443 1020 1516 mediae
1035 1444 1154 1543 plagu-

87 1546 141 1621 lae
151 1547 245 1621 sulco
260 1545 474 1639 adglutinata
493 1541 536 1617 fit
548 1549 663 1621 tenuis
675 1546 772 1639 virga
780 1546 1051 1627 membranacea,
1067 1573 1154 1645 quas

85 1648 147 1723 fila
159 1652 348 1735 contineat,
375 1664 411 1719 et
426 1643 627 1721 firmitatem
650 1645 796 1747 praestet
813 1649 934 1721 codici.
989 1650 1085 1721 Folia
1103 1654 1154 1747 ip·

85 1752 120 1825 la
142 1778 217 1825 non
236 1749 365 1845 fignata
390 1775 501 1847 neque
521 1750 632 1823 literis
662 1774 775 1845 nequo
798 1754 969 1835 numeris,
1003 1748 1154 1823 custodes

84 1857 188 1938 nulli,
217 1852 352 1925 nullum
368 1849 560 1943 registrum,
589 1851 709 1922 literae
731 1850 826 1949 saepe
839 1849 1073 1949 transpofitae,
1100 1858 1153 1924 in-

82 1957 201 2043 fantia
218 1954 366 2053 denique
382 1953 477 2034 artis,
502 1968 538 2020 et
558 1975 701 2048 eperum
716 1954 856 2039 ruditas,
883 1954 1034 2050 undique
1050 1980 1154 2052 appa·

56 2046 59 2055 ⁴
81 2077 156 2135 ret.
208 2061 320 2131 Voces
338 2042 395 2123 iel
414 2045 561 2137 omiliae,
587 2053 643 2124 vel
655 2077 737 2125 cum
756 2052 859 2147 ipfius
875 2058 980 2127 metri
1001 2040 1154 2153 pernicio

80 2168 323 2262 permutatae,
337 2149 441 2222 fidem
448 2151 591 2237 faciunt,
607 2149 867 2249 nonpraefuilse
879 2156 1025 2227 editioni
1035 2156 1157 2233 Grani·

3 2270 4 2279 ’
81 2259 263 2338 maticum
278 2252 332 2323 sed
346 2249 546 2348 fimplieiter
558 2253 752 2352 exemplum
768 2252 875 2339 suum,
902 2257 924 2346 i.
938 2279 1043 2324 manu
1055 2254 1157 2354 scrip·

81 2381 168 2438 tum
193 2354 379 2438 Cocidem,
405 2352 539 2449 sscutos
561 2348 626 2422 else
649 2355 898 2449 typographos.
955 2352 1049 2425 Vnde
1069 2355 1156 2431 illud

48 2526 55 2533 .
84 2460 321 2558 consequitur,
343 2469 394 2541 ut,
414 2451 626 2551 quaebonae
638 2451 719 2525 sunt
736 2453 910 2542 lectiones,
935 2480 992 2527 eas
1005 2455 1048 2528 ab
1064 2465 1154 2532 anti·

89 2592 160 2663 quo
169 2561 298 2644 codice,
313 2582 383 2629 non
394 2555 436 2628 ab
449 2555 589 2649 ingenio
596 2557 802 2661 correctoris
813 2550 887 2644 else,
906 2558 1151 2652 intelligamus·

86 2661 327 2743 Memorabilis
346 2657 532 2732 admodum
545 2655 635 2729 mihi
645 2656 714 2728 vila
730 2653 778 2728 est
794 2657 910 2744 lectio,
939 2684 1042 2757 quam
1064 2653 1153 2736 solus

85 2771 149 2847 hic
173 2766 259 2841 liber
282 2760 387 2837 habet
409 2757 511 2863 Epist.
533 2781 568 2851 2,
591 2783 626 2853 s,
650 2780 721 2862 ¹40
738 2764 881 2855 pretium
902 2766 1021 2848 nemin
1043 2783 1084 2835 ut
1104 2766 1155 2840 ibi

85 2870 270 2950 admonui.
